<?xml version="1.0" encoding="UTF-8"?><record xmlns="http://www.loc.gov/MARC21/slim" xmlns:cinclude="http://apache.org/cocoon/include/1.0" xmlns:zs="http://www.loc.gov/zing/srw/">
  <leader>00808cz  a2200169n  4500</leader>
  <controlfield tag="001">no2006098475</controlfield>
  <controlfield tag="003">DLC</controlfield>
  <controlfield tag="005">20130323093854.0</controlfield>
  <controlfield tag="008">060912n| azannaabn          |a ana      </controlfield>
  <datafield tag="010" ind1=" " ind2=" ">
    <subfield code="a">no2006098475</subfield>
  </datafield>
  <datafield tag="035" ind1=" " ind2=" ">
    <subfield code="a">(OCoLC)oca07052790</subfield>
  </datafield>
  <datafield tag="040" ind1=" " ind2=" ">
    <subfield code="a">DNAL</subfield>
    <subfield code="b">eng</subfield>
    <subfield code="e">rda</subfield>
    <subfield code="c">DNAL</subfield>
    <subfield code="d">DLC</subfield>
  </datafield>
  <datafield tag="110" ind1="1" ind2=" ">
    <subfield code="a">Iowa.</subfield>
    <subfield code="b">Agricultural Diversification &amp; Market Development Bureau</subfield>
  </datafield>
  <datafield tag="410" ind1="1" ind2=" ">
    <subfield code="a">Iowa.</subfield>
    <subfield code="b">Agricultural Diversification and Market Development Bureau</subfield>
  </datafield>
  <datafield tag="410" ind1="1" ind2=" ">
    <subfield code="a">Iowa.</subfield>
    <subfield code="b">Department of Agriculture and Land Stewardship.</subfield>
    <subfield code="b">Agricultural Diversification &amp; Market Development Bureau</subfield>
  </datafield>
  <datafield tag="510" ind1="1" ind2=" ">
    <subfield code="w">r</subfield>
    <subfield code="i">Hierarchical superior:</subfield>
    <subfield code="a">Iowa.</subfield>
    <subfield code="b">Department of Agriculture and Land Stewardship</subfield>
  </datafield>
  <datafield tag="670" ind1=" " ind2=" ">
    <subfield code="a">Apple growers directory, 2004?</subfield>
    <subfield code="b">t.p. (Iowa Department of Agriculture and Land Stewardship, Agricultural Diversification &amp; Market Development Bureau)</subfield>
  </datafield>
</record>